--- COMMENTS may be placed outside the @ENTRYTYPE{ ... } stuctures
--- CMS guidelines
---- All URLs for CMS notes, ANs, etc, should refer to the CDS server, not the CMS server. Use our standard format for them, as shown below.
---- If a collaboration is referenced by the collaboration name, it should be listed in the AUTHOR field. If by a first author + "and others", the collaboration name must be listed in the COLLABORATION field.
----   We use the collaboration in preference to the author field, but most journals will list both, so include both.
---- Number of authors to list:
----   PRL requests that we include all authors up to fifteen except for large collaborations, and we take this as our internal guide as well.
----   The individual journal bib style file (theirs, ours, PLB, etc.) will truncate at the appropriate point. We have ours set to _3_ as
----   a reminder to list the appropriate number. For large collaborations, just use first author + "and others".
---- Use only the URL field instead of embedding an href (this is a change in our practice).
---- A reference only published on the arXiv should be listed as UNPUBLISHED (with a note "Submitted to XXX" for CMS or ATLAS papers).
---- Some journals will lowercase the title: use {} to protect words which must be capitalized, e.g., {LHC}, {TeV}, {CERN}, {CMS}. Do not escape the entire title as it will then clash with the journal style.
---- Journal names: the journals generally include the series in the journal name, "Physical Review D", vol 5, rather than PR D5

@Article{tauola,
     author    = "Jadach, S. and Was, Z. and Decker, R. and Kuhn, J.~H.",
     title     = "The Tau Decay Library Tauola: Version 2.4",
     journal   = "Comput.~Phys.~Commun.",
     volume    = "76",
     year      = "1993",
     pages     = "361"
}

@ARTICLE{AN-11-165,
     AUTHOR       = "Conway, J. and  Friis, E.K. and Veelken, C.",
     TITLE        = "Likelihood based Mass Reconstruction in Events containing Tau Leptons",
     JOURNAL      = "CMS Note",
     VOLUME       = "\href{http://cms.cern.ch/iCMS/jsp/openfile.jsp?tp=draft&files=AN2011_165_v7.pdf}{2011/165}",
     YEAR         = "2011"
}

@ARTICLE{HIG-12-018,
     COLLABORATION= "CMS",
     TITLE        = "Search for the standard model Higgs boson decaying to tau pairs in $pp$ collisions",
     JOURNAL      = "CMS PAS",
     VOLUME       = "\href{http://cms-physics.web.cern.ch/cms-physics/public/HIG-12-018-pas.pdf}{HIG-12-018}",
     YEAR         = "2012"
}

@ARTICLE{HIG-12-028,
     COLLABORATION= "CMS",
     TITLE        = "Observation of a new boson with mass around $125$~GeV",
     JOURNAL      = "CMS PAS",
     VOLUME       = "\href{http://cms.cern.ch/iCMS/analysisadmin/get?analysis=HIG-12-028-paper-v0.pdf}{HIG-12-028}",
     YEAR         = "2012"
}

@Article{PTDR1,
     author    = "{CMS Collaboration}",
     title     = "{CMS technical design report, volume II: Physics
                  performance}",
     journal   = "J.~Phys.",
     volume    = "G34",
     year      = "2007",
     pages     = "995-1579",
     doi       = "10.1088/0954-3899/34/6/S01",
     SLACcitation  = "%%CITATION = JPHGB,G34,995;%%"
}
@Article{PTDR2,
     author    = "{CMS Collaboration}",
     title     = "{CMS technical design report, volume II: Physics
                  performance}",
     journal   = "J.~Phys.",
     volume    = "G34",
     year      = "2007",
     pages     = "995-1579",
     doi       = "10.1088/0954-3899/34/6/S01",
     SLACcitation  = "%%CITATION = JPHGB,G34,995;%%"
}

@ARTICLE{EXO-11-031,
     COLLABORATION= "CMS",
     TITLE        = "Search for high mass resonances decaying into tau pairs in $pp$ collisions at $\sqrt{s} = 7$~TeV",
     JOURNAL      = "CMS PAS",
     VOLUME       = "\href{http://cms.cern.ch/iCMS/analysisadmin/get?analysis=EXO-11-031-pas-v13.pdf}{EXO-11-031}",
     YEAR         = "2011"
}

@article{Chatrchyan:2011nx,
      author         = "Chatrchyan, Serguei and others",
      title          = "{Search for Neutral MSSM Higgs Bosons Decaying to Tau
                        Pairs in $pp$ Collisions at $\sqrt{s}=7$ TeV}",
      collaboration  = "CMS Collaboration",
      journal        = "Phys.Rev.Lett.",
      volume         = "106",
      pages          = "231801",
      doi            = "10.1103/PhysRevLett.106.231801",
      year           = "2011",
      eprint         = "1104.1619",
      archivePrefix  = "arXiv",
      primaryClass   = "hep-ex",
      reportNumber   = "FERMILAB-PUB-11-753-CMS, CMS-HIG-10-002,
                        CERN-EP-PH-2011-027",
      SLACcitation   = "%%CITATION = ARXIV:1104.1619;%%",
}

@article{Chatrchyan:2012vp,
      author         = "Chatrchyan, Serguei and others",
      title          = "{Search for neutral Higgs bosons decaying to tau pairs in
                        pp collisions at sqrt(s)=7 TeV}",
      collaboration  = "CMS Collaboration",
      journal        = "Phys.Lett.",
      volume         = "B713",
      pages          = "68-90",
      doi            = "10.1016/j.physletb.2012.05.028",
      year           = "2012",
      eprint         = "1202.4083",
      archivePrefix  = "arXiv",
      primaryClass   = "hep-ex",
      reportNumber   = "CMS-HIG-11-029, CERN-PH-EP-2012-034",
      SLACcitation   = "%%CITATION = ARXIV:1202.4083;%%",
}

@article{Chatrchyan:2011tn,
      author         = "Chatrchyan, Serguei and others",
      title          = "{Missing transverse energy performance of the CMS
                        detector}",
      collaboration  = "CMS Collaboration",
      journal        = "JINST",
      volume         = "6",
      pages          = "P09001",
      doi            = "10.1088/1748-0221/6/09/P09001",
      year           = "2011",
      eprint         = "1106.5048",
      archivePrefix  = "arXiv",
      primaryClass   = "physics.ins-det",
      reportNumber   = "FERMILAB-PUB-11-718-CMS, CMS-JME-10-009,
                        CERN-PH-EP-2011-051",
      SLACcitation   = "%%CITATION = ARXIV:1106.5048;%%",
}

@ARTICLE{DP_12_003,
     COLLABORATION= "CMS",
     TITLE        = "MET Performance in 2011 CMS Data",
     JOURNAL      = "CMS PAS",
     VOLUME       = "\href{http://cdsweb.cern.ch/record/1454656/files/DP2012_003.pdf}{DP-2012/003}",
     YEAR         = "2012"
}

@ARTICLE{DP_12_013,
     COLLABORATION= "CMS",
     TITLE        = "MET Performance in 2012 Run A CMS Data",
     JOURNAL      = "CMS DP Note",
     VOLUME       = "\href{http://cdsweb.cern.ch/record/1460991/files/DP2012_013.pdf}{DP-2012/013}",
     YEAR         = "2012"
}

@Article{Kondo:1988,
     author    = "Kondo, K.",
     title     = "Dynamical likelihood method for reconstruction of events
                  with missing momentum. 1: Method and toy models",
     journal   = "J.~Phys.~Soc.~Jap.",
     volume    = "57",
     year      = "1988",
     pages     = "4126"
}

@Article{Kondo:1991,
     author    = "Kondo, K.",
     title     = "Dynamical likelihood method for reconstruction of events
                  with missing momentum. 2: Mass spectra for $2 \rightarrow 2$ processes",
     journal   = "J.~Phys.~Soc.~Jap.",
     volume    = "60",
     year      = "1991",
     pages     = "836"
}

@article{MINUIT,
    author   = "James, F. and Roos, M.",
    title    = "Minuit: A System for Function Minimization and Analysis
                of the Parameter Errors and Correlations",
    journal  = "Comput.~Phys.~Commun.",
    volume   = "10",
    pages    = "343",
    year     = "1975"
}

@Article{VEGAS,
    author   = "Lepage, G.~P.",
    title    = "A New Algorithm for Adaptive Multidimensional Integration",
    journal  = "J.~Comput.~Phys.",
    volume   = "27",
    year     = "1978",
    pages    = "192"
}

@ARTICLE{PFT-09-001,
     COLLABORATION= "CMS",
     TITLE        = "Particle-Flow Event Reconstruction in CMS and Performance for Jets, Taus, and Missing $E_{\rm T}$",
     JOURNAL      = "CMS PAS",
     VOLUME       = "\href{http://cms-physics.web.cern.ch/cms-physics/public/PFT-09-001-pas.pdf}{PFT-09-001}",
     YEAR         = "2009"
}

@ARTICLE{HIG-12-032,
     COLLABORATION= "CMS",
     TITLE        = "Update of search for the standard model Higgs boson decaying to tau pairs in $pp$ collisions",
     JOURNAL      = "CMS PAS",
     VOLUME       = "\href{http://cms.cern.ch/iCMS/analysisadmin/get?analysis=HIG-12-032-pas-v1.pdf}{HIG-12-032}",
     YEAR         = "2012"
}

@Article{TauPol1,
     author    = "K.~Hagiwara B.K~Bullok and A.D. Martin",
     title     = "Tau polarization and its correlations as a probe of new physics",
     journal   = "Nucl. Phys.",
     volume    = "B",
     year      = "1993",
     pages     = "395"
}

@Article{TauPol2,
     author    = "D.~P.~Roy S.~Rayachadhuri",
     title     = "Higgs boson search at the Tevatron upgrade using Tau polarization",
     journal   = "arXiv:hep-ph/9503251v1",
     year      = "1995",
}

@Misc{relativisticBreitWigner,
     title     = "Relativistic Breit–Wigner distribution",
     note      = "\href{http://en.wikipedia.org/wiki/Relativistic_Breit–Wigner_distribution}{wikipedia}"
}

@article{PDG,
      author         = "Beringer, J. and others",
      title          = "{Review of Particle Physics (RPP)}",
      collaboration  = "Particle Data Group",
      journal        = "Phys.Rev.",
      volume         = "D86",
      pages          = "010001",
      doi            = "10.1103/PhysRevD.86.010001",
      year           = "2012",
      SLACcitation   = "%%CITATION = PHRVA,D86,010001;%%",
}

@article{TAU-11-001,
      author         = "Collaboration, CMS and others",
      title          = "{Performance of tau-lepton reconstruction and
                        identification in CMS}",
      collaboration  = "CMS Collaboration",
      journal        = "JINST",
      volume         = "7",
      pages          = "P01001",
      doi            = "10.1088/1748-0221/7/01/P01001",
      year           = "2012",
      eprint         = "1109.6034",
      archivePrefix  = "arXiv",
      primaryClass   = "physics.ins-det",
      SLACcitation   = "%%CITATION = ARXIV:1109.6034;%%",
}

@article{Kuhn:1990ad,
      author         = "Kuhn, Johann H. and Santamaria, A.",
      title          = "{Tau decays to pions}",
      journal        = "Z.Phys.",
      volume         = "C48",
      pages          = "445-452",
      doi            = "10.1007/BF01572024",
      year           = "1990",
      reportNumber   = "MPI-PAE/PTh-17/90",
      SLACcitation   = "%%CITATION = ZEPYA,C48,445;%%",
}

@article{Artoisenet:2010cn,
      author         = "Artoisenet, Pierre and Lemaitre, Vincent and Maltoni,
                        Fabio and Mattelaer, Olivier",
      title          = "{Automation of the matrix element reweighting method}",
      journal        = "JHEP",
      volume         = "1012",
      pages          = "068",
      doi            = "10.1007/JHEP12(2010)068",
      year           = "2010",
      eprint         = "1007.3300",
      archivePrefix  = "arXiv",
      primaryClass   = "hep-ph",
      reportNumber   = "CP3-10-27, RM3-TH-10-17",
      SLACcitation   = "%%CITATION = ARXIV:1007.3300;%%",
}

@article{Fiedler:2010sg,
      author         = "Fiedler, Frank and Grohsjean, Alexander and Haefner,
                        Petra and Schieferdecker, Philipp",
      title          = "{The Matrix Element Method and its Application in
                        Measurements of the Top Quark Mass}",
      journal        = "Nucl.Instrum.Meth.",
      volume         = "A624",
      pages          = "203-218",
      doi            = "10.1016/j.nima.2010.09.024",
      year           = "2010",
      eprint         = "1003.1316",
      archivePrefix  = "arXiv",
      primaryClass   = "hep-ex",
      SLACcitation   = "%%CITATION = ARXIV:1003.1316;%%",
}

@ARTICLE{MadGraph,
     AUTHOR       = "Maltoni, F. and Stelzer, T.",
     TITLE        = "MadEvent: Automatic event generation with MadGraph",
     JOURNAL      = "JHEP",
     VOLUME       = "0302",
     YEAR         = "2003",
     pages        = "027",
     eprint       = "0208.0156",
     archivePrefix = "arXiv",
     primaryClass  =  "hep-ph"
}

@article{Bianchini:2014vza,
      author         = "Bianchini, Lorenzo and Conway, John and Friis, Evan Klose
                        and Veelken, Christian",
      title          = "{Reconstruction of the Higgs mass in $H \to \tau\tau$
                        Events by Dynamical Likelihood techniques}",
      journal        = "J.Phys.Conf.Ser.",
      volume         = "513",
      pages          = "022035",
      doi            = "10.1088/1742-6596/513/2/022035",
      year           = "2014",
      SLACcitation   = "%%CITATION = 00462,513,022035;%%",
}

@MISC{deltaFunctionRules,
     author        = "\mbox{Wikipedia}",
     note          = "http://en.wikipedia.org/wiki/Dirac\_delta\_function\#Composition\_with\_a\_function"}

@Techreport{LHCHiggsCrossSectionWorkingGroup:2011ti,
    author  = "{LHC Higgs Cross Section Working Group}",
   title   = "{Handbook of LHC Higgs Cross Sections: 1. Inclusive Observables}",
    number = "CERN-2011-002",
    type = "CERN Report",
    year    = "2011",
    url     = "http://cdsweb.cern.ch/record/1318996",
    eprint  = "1101.0593",
    archivePrefix = "arXiv",
    primaryClass  = "hep-ph"
}

@ARTICLE{CMS_AN_2013-171,
     author        = "\mbox{Higgs TauTau group}",
     TITLE         = "Search for MSSM Neutral Higgs Bosons Decaying to Tau Pairs in $pp$ Collisions",
     JOURNAL       = "CMS Note",
     VOLUME        = "\href{http://cms.cern.ch/iCMS/jsp/openfile.jsp?tp=draft&files=AN2013_171_v1.pdf}{2013/171}",
     YEAR          = "2013"
}

@article{Alwall:2010cq,
      author         = "Alwall, J. and Freitas, A. and Mattelaer, O.",
      title          = "{The Matrix Element Method and QCD Radiation}",
      journal        = "Phys.Rev.",
      volume         = "D83",
      pages          = "074010",
      doi            = "10.1103/PhysRevD.83.074010",
      year           = "2011",
      eprint         = "1010.2263",
      archivePrefix  = "arXiv",
      primaryClass   = "hep-ph",
      reportNumber   = "CP3-10-35",
      SLACcitation   = "%%CITATION = ARXIV:1010.2263;%%",
}
